<?xml version="1.0" encoding="UTF-8"?><record xmlns="http://www.loc.gov/MARC21/slim" xmlns:cinclude="http://apache.org/cocoon/include/1.0" xmlns:zs="http://www.loc.gov/zing/srw/">
  <leader>00478nz  a2200133n  4500</leader>
  <controlfield tag="001">n  82249920 </controlfield>
  <controlfield tag="003">DLC</controlfield>
  <controlfield tag="005">19840328150132.4</controlfield>
  <controlfield tag="008">840210n| acannaab|          |a aaa |||  </controlfield>
  <datafield tag="010" ind1=" " ind2=" ">
    <subfield code="a">n  82249920 </subfield>
  </datafield>
  <datafield tag="040" ind1=" " ind2=" ">
    <subfield code="a">DLC</subfield>
    <subfield code="c">DLC</subfield>
  </datafield>
  <datafield tag="100" ind1="1" ind2="0">
    <subfield code="a">Sayers, J. C. A.</subfield>
    <subfield code="q">(John Charles Arthur),</subfield>
    <subfield code="d">1938-</subfield>
  </datafield>
  <datafield tag="400" ind1="1" ind2="0">
    <subfield code="a">Sayers, John Charles Arthur,</subfield>
    <subfield code="d">1938-</subfield>
  </datafield>
  <datafield tag="670" ind1=" " ind2=" ">
    <subfield code="a">His Unitisation and freight transport in Australia, 1982:</subfield>
    <subfield code="b">t.p. (J. C. A. Sayers) Aus CIP data (Sayers, J. C. A. (John Charles Arthur), 1938-)</subfield>
  </datafield>
</record>